<?xml version="1.0" encoding="UTF-8"?><collection xmlns="http://www.loc.gov/MARC21/slim"><record><leader>00483nam--2200169-i-4500</leader><controlfield tag="001">000013989</controlfield><controlfield tag="002">20161230</controlfield><controlfield tag="005">20170113230643</controlfield><controlfield tag="008">060222s1000------------r-----000-0-eng-d</controlfield><datafield ind1=" " ind2=" " tag="080"><subfield code="a">621.039:621.311.2(048)</subfield></datafield><datafield ind1=" " ind2=" " tag="100"><subfield code="a">Donato, R. T</subfield></datafield><datafield ind1=" " ind2=" " tag="245"><subfield code="a">For and against nuclear power. A bibliography 1976 to 1980</subfield></datafield><datafield ind1=" " ind2=" " tag="260"><subfield code="a">Diliman, Quezon City</subfield><subfield code="b">Philippine Atomic Energy Commission</subfield><subfield code="c">1981</subfield></datafield><datafield ind1=" " ind2=" " tag="300"><subfield code="a">80 p</subfield></datafield><datafield ind1=" " ind2=" " tag="700"><subfield code="a">Piquero, M. E</subfield></datafield><datafield ind1=" " ind2=" " tag="852"><subfield code="a">D1393</subfield></datafield><datafield ind1=" " ind2=" " tag="CAT"><subfield code="a">SYS</subfield><subfield code="c">20170113</subfield><subfield code="h">230643</subfield></datafield></record></collection>